<?xml version="1.0" encoding="UTF-8"?><collection xmlns="http://www.loc.gov/MARC21/slim"><record><leader>00502nam--2200181-i-4500</leader><controlfield tag="001">000028270</controlfield><controlfield tag="002">20161230</controlfield><controlfield tag="005">20161230201037</controlfield><controlfield tag="008">060222s1000------------r-----000-0-fre-d</controlfield><datafield ind1=" " ind2=" " tag="040"><subfield code="a">IFIN-HH</subfield></datafield><datafield ind1=" " ind2=" " tag="041"><subfield code="a">fre</subfield></datafield><datafield ind1=" " ind2=" " tag="080"><subfield code="a">015:539.126.4</subfield></datafield><datafield ind1="1" ind2=" " tag="100"><subfield code="a">Le, Dong</subfield></datafield><datafield ind1="1" ind2="0" tag="245"><subfield code="a">Analyse des facteurs de forme dans les desintegrations</subfield><subfield code="b">These - article principal</subfield><subfield code="c">Dong le</subfield></datafield><datafield ind1=" " ind2=" " tag="260"><subfield code="a">Orsay</subfield><subfield code="b">Faculte Des Sciences</subfield><subfield code="c">1972</subfield></datafield><datafield ind1=" " ind2=" " tag="300"><subfield code="a">61P.+ 36 FIG</subfield></datafield><datafield ind1=" " ind2=" " tag="852"><subfield code="a">38134</subfield><subfield code="c">539.12</subfield></datafield><datafield ind1=" " ind2=" " tag="CAT"><subfield code="a">Sys</subfield><subfield code="c">20111123</subfield><subfield code="h">100500</subfield></datafield></record></collection>